<?xml version="1.0" encoding="UTF-8"?>
<collection xmlns:xsi="http://www.w3.org/2001/XMLSchema-instance" xsi:schemaLocation="http://www.loc.gov/MARC21/slim http://www.loc.gov/standards/marcxml/schema/MARC21slim.xsd" xmlns="http://www.loc.gov/MARC21/slim">
<record>
  <leader>00822cam a2200217 a 4500</leader>
  <controlfield tag="001">3111717</controlfield>
  <controlfield tag="003">NNC</controlfield>
  <controlfield tag="005">20150708155302.0</controlfield>
  <controlfield tag="008">990118s1929    ua a          000 0 arard</controlfield>
  <datafield tag="035" ind1=" " ind2=" ">
    <subfield code="a">(OCoLC)ocm40971573</subfield>
  </datafield>
  <datafield tag="035" ind1=" " ind2=" ">
    <subfield code="9">ATU3191CU</subfield>
  </datafield>
  <datafield tag="035" ind1=" " ind2=" ">
    <subfield code="a">(NNC)3111717</subfield>
  </datafield>
  <datafield tag="040" ind1=" " ind2=" ">
    <subfield code="a">CGU</subfield>
    <subfield code="c">CGU</subfield>
    <subfield code="d">OSU</subfield>
    <subfield code="d">ZCU</subfield>
  </datafield>
  <datafield tag="099" ind1=" " ind2=" ">
    <subfield code="a">893.7112</subfield>
    <subfield code="a">G999</subfield>
  </datafield>
  <datafield tag="100" ind1="1" ind2=" ">
    <subfield code="a">Gyra, Joseph.</subfield>
  </datafield>
  <datafield tag="245" ind1="1" ind2="0">
    <subfield code="a">Tārīkh dirāsat al-lughah al-ʻArabīyah bi-Ūrūbbā :</subfield>
    <subfield code="b">wa-fīhi baḥth wāfin ʻan madbaʾ ẓuhūrihā wa-yatanāwulu al-baḥth ʻan tarājim baʻḍ mashāhīr al-mustashriqīn wa-muʾallifātihim qadīman wa-ḥadīthan /</subfield>
    <subfield code="c">taʾlīf Yūsuf Jīrā.</subfield>
  </datafield>
  <datafield tag="260" ind1=" " ind2=" ">
    <subfield code="a">[Cairo :</subfield>
    <subfield code="b">s.n.,</subfield>
    <subfield code="c">1929]</subfield>
  </datafield>
  <datafield tag="300" ind1=" " ind2=" ">
    <subfield code="a">52 p. :</subfield>
    <subfield code="b">ill., ports., facsims. ;</subfield>
    <subfield code="c">26 cm.</subfield>
  </datafield>
  <datafield tag="650" ind1=" " ind2="0">
    <subfield code="a">Philologists.</subfield>
  </datafield>
  <datafield tag="955" ind1=" " ind2=" ">
    <subfield code="b">CU07842600</subfield>
    <subfield code="d">off,glx</subfield>
    <subfield code="e">893.7112 G999</subfield>
  </datafield>
</record>
</collection>